<?xml version="1.0" encoding="UTF-8"?><collection><record><leader>06682ntm a2200697 a 4500</leader><controlfield tag="001">006804511</controlfield><controlfield tag="003">MiAaHDL</controlfield><controlfield tag="005">20190719000000.0</controlfield><controlfield tag="006">m        d        </controlfield><controlfield tag="007">cr bn ---auaua</controlfield><controlfield tag="008">090528q14951496xx            00| ||per d</controlfield><datafield tag="035" ind1=" " ind2=" "><subfield code="a">(MiU)006804511</subfield></datafield><datafield tag="035" ind1=" " ind2=" "><subfield code="a">sdr-miu006804511</subfield></datafield><datafield tag="040" ind1=" " ind2=" "><subfield code="a">MiU</subfield><subfield code="c">MiU</subfield><subfield code="e">amremm</subfield></datafield><datafield tag="043" ind1=" " ind2=" "><subfield code="a">n-us-mi</subfield></datafield><datafield tag="100" ind1="0" ind2=" "><subfield code="6">880-01</subfield><subfield code="a">Jāmī,</subfield><subfield code="d">1414-1492.</subfield></datafield><datafield tag="245" ind1="1" ind2="0"><subfield code="6">880-03</subfield><subfield code="a">[Sharḥ-i Lamaʻāt ... etc.,</subfield><subfield code="f">901, i.e. 1495 or 1496].</subfield></datafield><datafield tag="246" ind1="3" ind2=" "><subfield code="a">شرح اللمعات</subfield></datafield><datafield tag="246" ind1="3" ind2=" "><subfield code="a">اشعة اللمعات</subfield></datafield><datafield tag="246" ind1="3" ind2=" "><subfield code="i">Edge title (tail):</subfield><subfield code="a">مجموعه جامى</subfield></datafield><datafield tag="260" ind1=" " ind2=" "><subfield code="c">[1495 or 1496].</subfield></datafield><datafield tag="300" ind1=" " ind2=" "><subfield code="a">164 :</subfield><subfield code="b">paper ;</subfield><subfield code="c">167 x 108 (115 x 65) mm.</subfield></datafield><datafield tag="500" ind1=" " ind2=" "><subfield code="a">Shelfmark: Ann Arbor, University of Michigan, Special Collections Library, Isl. Ms. 263</subfield></datafield><datafield tag="500" ind1=" " ind2=" "><subfield code="a">Origin: As appears at close of Risālahʼ-i Sharḥ-i ḥadīs̲, transcription completed [?] 901 [1495 or 6]. Paper, etc. certainly suggest 15th century.</subfield></datafield><datafield tag="500" ind1=" " ind2=" "><subfield code="a">Former shelfmark: "438 T. De M. [i.e. Tammaro De Marinis]" inscribed in pencil on recto of front flyleaf (p.1).</subfield></datafield><datafield tag="500" ind1=" " ind2=" "><subfield code="a">Binding: Heavy pasteboards covered in painted lacquerwork, spine in black leather ; Type III binding (without flap, two-piece binding, overlapping flanges visible at spine) ; doublures in fine painted lacquerwork with paintings of a tall narcissus-like plant with leaves in shades of green and flowers and buds in yellow with pink accents at the head of a central stalk, all on a red ground with border in black with gold accents (composition of upper doublure mirrors that of lower doublure) ; upper and lower covers bear paintings of nearly identical floral composition in mirror image to one another on a deep golden-orange or bronze-colored background, namely a central cluster of peonies, poppies, tulips, pansies, etc. with additional buds and floral forms filling the main panel all in shades of pink, light blue, lavender, and white with leaves in various shades of green, and surrounded by decorative band of floral vegetal motifs on a dark red-bronze ground framed in black borders with gold accents ; sewn in dark turquoise thread, two stations ; worked chevron endbands in dark turquoise and red, good condition (protected by leather extending from spine) ; overall in fairly good condition with only minor abrasion and losses to lacquer, etc. ; textblock has certainly been trimmed (some leaves folded to retain marginalia) ; now housed in box for protection.</subfield></datafield><datafield tag="500" ind1=" " ind2=" "><subfield code="a">Support: non-European (likely Persian) laid paper with 7 laid lines per cm. (horizontal) and rare single chain lines visible, sturdy, well-sized and burnished, inclusions ; staining and tide-lines ; added leaves at opening and close in European laid paper with 7-8 laid lines per cm. (vertical), chain lines spaced 28-29 mm. apart (horizontal), and watermarks of star (p.2) and crescent (p.4) visible.</subfield></datafield><datafield tag="500" ind1=" " ind2=" "><subfield code="a">Decoration: Keywords, some notabilia, etc. rubricated ; overlining in red ; textual dividers in the form of inverted commas in red.</subfield></datafield><datafield tag="500" ind1=" " ind2=" "><subfield code="a">Script: Nastaʻlīq (talik) ; elegant hand ; serifless, with marked effect of words descending to baseline, closed counters, and elongated horizontal strokes.</subfield></datafield><datafield tag="500" ind1=" " ind2=" "><subfield code="a">Layout: Written in 15 lines per page ; frame-ruled.</subfield></datafield><datafield tag="500" ind1=" " ind2=" "><subfield code="a">Collation: II+1 (5), 16 IV(133), IV+1 (142), II (146), 2 IV(162), I (164), i ; almost exclusively quaternions ; catchwords present ; pagination in pencil, Western numerals, supplied during digitization (includes added leaves carrying excerpts at opening and close of codex).</subfield></datafield><datafield tag="500" ind1=" " ind2=" "><subfield code="a">Incipit: [Sharḥ-i Lamaʻāt] "لو لا لمعات برق نور القديم من نحو حمى جود وحى الحريم ..."</subfield></datafield><datafield tag="500" ind1=" " ind2=" "><subfield code="a">Title supplied by cataloguer.</subfield></datafield><datafield tag="500" ind1=" " ind2=" "><subfield code="a">Ms. codex.</subfield></datafield><datafield tag="505" ind1="0" ind2=" "><subfield code="a">9. p.322-p.328 : [assorted excerpts (from Jāmī's Lavāʼiḥ, etc.) and former owners' marks, otherwise blank].</subfield></datafield><datafield tag="505" ind1="0" ind2=" "><subfield code="a">8. p.318-323: Risālahʼ-i Sharḥ-i ḥadīs̲ [?].</subfield></datafield><datafield tag="505" ind1="0" ind2=" "><subfield code="a">7. p.310-p.318 : [brief treatise opening with verses of Abū Saʻīd ibn Abī al-Khayr (d.1049)"سر رشتهء دولت ای برادر بکف آر وین عمر گرامی بخسارت مگذار"].</subfield></datafield><datafield tag="505" ind1="0" ind2=" "><subfield code="a">6. p.307-p.309 [assorted excerpts].</subfield></datafield><datafield tag="505" ind1="0" ind2=" "><subfield code="a">5. p.294-p.306 : [excerpts from glosses on the Mas̲navī of Rūmī].</subfield></datafield><datafield tag="505" ind1="0" ind2=" "><subfield code="a">4. p.292-p.293 : [assorted excerpts, otherwise blank].</subfield></datafield><datafield tag="505" ind1="0" ind2=" "><subfield code="a">3. p.14-p.291: Sharḥ-i Lamaʻāt / Jāmī.</subfield></datafield><datafield tag="505" ind1="0" ind2=" "><subfield code="a">2. p.13 : [contents listing for entire volume].</subfield></datafield><datafield tag="505" ind1="0" ind2=" "><subfield code="a">1. p.6-p.12 : [assorted excerpts (from Jāmī's Lavāʼiḥ, etc.) and notes].</subfield></datafield><datafield tag="510" ind1="4" ind2=" "><subfield code="a">Cat. Pers. Mss. Brit. Mus.,</subfield><subfield code="c">p. 44</subfield></datafield><datafield tag="510" ind1="4" ind2=" "><subfield code="a">Cat. Pers. Mss. Brit. Mus.,</subfield><subfield code="c">p. 594</subfield></datafield><datafield tag="520" ind1="8" ind2=" "><subfield code="a">Fine collection (majmūʻah) of several works including Jāmī's commentary on the Lamaʻāt of Fakhr al-Dīn Ibrāhīm al-ʻIrāqī (d.1289), glosses on the Mas̲navī of Rūmī, and other excerpts.</subfield></datafield><datafield tag="538" ind1=" " ind2=" "><subfield code="a">Mode of access: Internet.</subfield></datafield><datafield tag="541" ind1=" " ind2=" "><subfield code="c">Purchase ;</subfield><subfield code="a">Acquired by purchase (funds donated by Horace Rackham).</subfield><subfield code="d">1924.</subfield></datafield><datafield tag="546" ind1=" " ind2=" "><subfield code="a">Persian.</subfield></datafield><datafield tag="561" ind1=" " ind2=" "><subfield code="a">Marginal glosses, corrections, and notabilia (side-heads) ; statement on p.309 inscribed by Ibn Ibrāhīm [?] Isḥaq al-Shabastarī ( ابن ابراهيم اسحق الشبسترى ) ; statement accompanying large rectangular seal impression (الواثق بالله الغني عبده الراجى يحيى سنه ١٢۶۱) seemingly dated 1261 [1845 or 6] on p.327 ; statements in Turkish on verso of final leaf (p.328) dated 22 Shawwāl 1210 [ca. 30 April 1796] and 6 Ramaḍān 1212 [ca. 22 February 1798] ; oval seal impression with "كريم ابن ..." also appears on verso of final leaf (p.328) ; another oval seal impression (inscription within"ان الله يحب المحسنين") on back flyleaf ; marginal corrections and notabilia as well as occasional glosses (partially lost to trimming).</subfield></datafield><datafield tag="600" ind1="0" ind2="0"><subfield code="a">Jalāl al-Dīn Rūmī,</subfield><subfield code="c">Maulana,</subfield><subfield code="d">1207-1273.</subfield><subfield code="t">Mas̲navī.</subfield></datafield><datafield tag="600" ind1="1" ind2="0"><subfield code="a">ʻIrāqī, Fakhr al-Dīn Ibrāhīm,</subfield><subfield code="d">d. 1289?</subfield><subfield code="t">Lamaʻāt.</subfield></datafield><datafield tag="650" ind1=" " ind2="0"><subfield code="a">Manuscripts, Persian</subfield><subfield code="z">Michigan</subfield><subfield code="z">Ann Arbor.</subfield></datafield><datafield tag="650" ind1=" " ind2="0"><subfield code="a">Sufism</subfield><subfield code="v">Early works to 1800.</subfield></datafield><datafield tag="650" ind1=" " ind2="0"><subfield code="a">Sufi poetry, Persian</subfield><subfield code="v">Early works to 1800.</subfield></datafield><datafield tag="700" ind1="0" ind2=" "><subfield code="a">Abdülhamid</subfield><subfield code="b">II,</subfield><subfield code="c">Sultan of the Turks,</subfield><subfield code="d">1842-1918,</subfield><subfield code="e">former owner.</subfield></datafield><datafield tag="740" ind1="0" ind2="2"><subfield code="6">880-05</subfield><subfield code="a">Risālahʼ-i Sharḥ-i ḥadīs̲</subfield></datafield><datafield tag="773" ind1="0" ind2=" "><subfield code="a">Abdul Hamid Collection.</subfield></datafield><datafield tag="880" ind1="0" ind2="2"><subfield code="6">740-05/</subfield><subfield code="a">رسالۀ شرح حديث</subfield></datafield><datafield tag="880" ind1="1" ind2="0"><subfield code="6">245-03/</subfield><subfield code="a">[شرح لمعات ... الخ,</subfield><subfield code="f">901ه، 1495 يا 1496].</subfield></datafield><datafield tag="880" ind1="0" ind2=" "><subfield code="6">100-01/</subfield><subfield code="a">جامي.</subfield></datafield><datafield tag="CID" ind1=" " ind2=" "><subfield code="a">006804511</subfield></datafield><datafield tag="DAT" ind1="0" ind2=" "><subfield code="a">20190719102636.0</subfield><subfield code="b">20190719000000.0</subfield></datafield><datafield tag="DAT" ind1="1" ind2=" "><subfield code="a">20190719090653.0</subfield><subfield code="b">2019-07-19T16:12:00Z</subfield></datafield><datafield tag="DAT" ind1="2" ind2=" "><subfield code="a">2015-10-02T18:00:03Z</subfield></datafield><datafield tag="CAT" ind1=" " ind2=" "><subfield code="a">SDR-MIU</subfield><subfield code="d">EX LIBRIS - ALEPH</subfield><subfield code="l">prepare.pl-004-008</subfield></datafield><datafield tag="FMT" ind1=" " ind2=" "><subfield code="a">BK</subfield></datafield><datafield tag="HOL" ind1=" " ind2=" "><subfield code="0">sdr-miu006804511</subfield><subfield code="a">MiU</subfield><subfield code="b">SDR</subfield><subfield code="c">MIU</subfield><subfield code="p">mdp.39015079126671</subfield><subfield code="s">MIU</subfield><subfield code="1">006804511</subfield></datafield><datafield tag="974" ind1=" " ind2=" "><subfield code="b">MIU</subfield><subfield code="c">MIU</subfield><subfield code="d">20190719</subfield><subfield code="s">lit-dlps-dc</subfield><subfield code="u">mdp.39015079126671</subfield><subfield code="y">1496</subfield><subfield code="r">pd</subfield><subfield code="q">bib</subfield><subfield code="t">non-US bib date2 &lt; 1896</subfield></datafield></record></collection>